@online{pfr_miasto15,
    title = {Miasto 15-minutowe, czyli jakie? Koncepcja i przykłady},
    url = {https://pfr.pl/artykul/miasto-15-minutowe-czyli-jakie-koncepcja-i-przyklady},
    organization = {Polski Fundusz Rozwoju},
    year = {2023},
    urldate = {2024-05-05}
}

@online{wiki_barcelona,
    title = {Barcelona},
    url = {https://pl.wikipedia.org/wiki/Barcelona},
    organization = {Wikipedia},
    language = {polish},
    urldate = {2024-05-05}
}

@online{gov_barcelona,
    title = {Zona Bajas Emisiones - Strefa Niskiej Emisji w Barcelonie},
    url = {https://www.gov.pl/web/hiszpania/zona-bajas-emisiones},
    organization = {Gov.pl},
    year = {2024},
    urldate = {2024-05-05}
}

@online{spyshop_miasta15,
    title = {15-minutowe miasta: żydowsko-masoński spisek, scenariusz z "Igrzysk śmierci" czy utopijna idea urbanistyczna?},
    url = {https://www.spyshop.pl/blog/15-minutowe-miasta-zydowsko-masonski-spisek-scenariusz-z-igrzysk-smierci-czy-utopijna-idea-urbanistyczna/},
    organization = {SpyShop.pl},
    year = {2023},
    urldate = {2024-05-05}
}